@article{antoni2007cyclic,
  title={Cyclic spectral analysis of rolling-element bearing signals: facts and fictions},
  author={Antoni, Jerome},
  journal={Journal of Sound and vibration},
  volume={304},
  number={3},
  pages={497--529},
  year={2007},
  publisher={Elsevier}
}
@article{antoni2007cyclic2,
  title={Cyclic spectral analysis in practice},
  author={Antoni, Jerome},
  journal={Mechanical Systems and Signal Processing},
  volume={21},
  number={2},
  pages={597--630},
  year={2007},
  publisher={Elsevier}
}
@article{michalak2017application,
 title={Application of cointegration to vibration signal for local damage detection in gearboxes},
 author={Michalak, Anna and Wodecki, Jacek and Wy{\l}oma{\'n}ska, Agnieszka and Zimroz, Rados{\l}aw},
 journal={Applied Acoustics},
 year={2017},
 publisher={Elsevier},
 doi={10.1016/j.apacoust.2017.08.024}
}
@article{wylomanska2017application,
  title={Application of tempered stable distribution for selection of optimal frequency band in gearbox local damage detection},
  author={Wy{\l}oma{\'n}ska, Agnieszka and {\.Z}ak, Grzegorz and Kruczek, Piotr and Zimroz, Rados{\l}aw},
  journal={Applied Acoustics},
  volume={128},
  pages={14--22},
  year={2017},
  publisher={Elsevier}
}
@article{randall2016vibration,
  title={Vibration-based diagnostics of gearboxes under variable speed and load conditions},
  author={Randall, RB},
  journal={Meccanica},
  volume={51},
  number={12},
  pages={3227--3239},
  year={2016},
  publisher={Springer}
}
@article{borghesani2013new,
  title={A new procedure for using envelope analysis for rolling element bearing diagnostics in variable operating conditions},
  author={Borghesani, Pietro and Ricci, Roberto and Chatterton, Steven and Pennacchi, Paolo},
  journal={Mechanical Systems and Signal Processing},
  volume={38},
  number={1},
  pages={23--35},
  year={2013},
  publisher={Elsevier}
}
@article{schmidt2018novelty,
  title={A novelty detection diagnostic methodology for gearboxes operating under fluctuating operating conditions using probabilistic techniques},
  author={Schmidt, Stephan and Heyns, Philippus Stephanus and De Villiers, Johan Pieter},
  journal={Mechanical Systems and Signal Processing},
  volume={100},
  pages={152--166},
  year={2018},
  publisher={Elsevier}
}
@article{randall2001relationship,
  title={The relationship between spectral correlation and envelope analysis in the diagnostics of bearing faults and other cyclostationary machine signals},
  author={Randall, Robert B and Antoni, Jerome and Chobsaard, S},
  journal={Mechanical systems and signal processing},
  volume={15},
  number={5},
  pages={945--962},
  year={2001},
  publisher={Academic Press}
}
@article{dempster1977maximum,
  title={Maximum likelihood from incomplete data via the EM algorithm},
  author={Dempster, Arthur P and Laird, Nan M and Rubin, Donald B},
  journal={Journal of the royal statistical society. Series B (methodological)},
  volume={39},
  number={1},
  pages={1--38},
  year={1977},
  publisher={JSTOR}
}
@book{kaufman2009finding,
  title={Finding groups in data: an introduction to cluster analysis},
  author={Kaufman, Leonard and Rousseeuw, Peter J},
  volume={344},
  year={2009},
  publisher={John Wiley \& Sons}
}
@article{sundberg1974maximum,
  title={Maximum likelihood theory for incomplete data from an exponential family},
  author={Sundberg, Rolf},
  journal={Scandinavian Journal of Statistics},
  volume={1},
  number={2},
  pages={49--58},
  year={1974},
  publisher={JSTOR}
}
@article{gryllias2018application,
  title={Application of Cyclo-Nonstationary Indicators for Bearing Monitoring Under Varying Operating Conditions},
  author={Gryllias, Konstantinos and Moschini, Simona and Antoni, Jerome},
  journal={Journal of Engineering for Gas Turbines and Power},
  volume={140},
  number={1},
  pages={1--30},
  year={2018},
  publisher={American Society of Mechanical Engineers}
}
@article{kruczek2017multiple,
  title={Multiple local damage detection in gearbox by novel coherent bi-frequency map and its spatial, cycle oriented enhancement},
  author={Kruczek, Piotr and Obuchowski, Jakub and Wylomanska, Agnieszka and Zimroz, Radoslaw},
  journal={Applied Acoustics},
  year={2017},
   publisher={Elsevier},
 doi={10.1016/j.apacoust.2017.10.006}
}
@article{kruczek2017cyclic,
  title={Cyclic sources extraction from complex multiple-component vibration signal via periodically time varying filter},
  author={Kruczek, Piotr and Obuchowski, Jakub and Wylomanska, Agnieszka and Zimroz, Radoslaw},
  journal={Applied Acoustics},
  volume={126},
  pages={170--181},
  year={2017},
  publisher={Elsevier}
}
@article{makowski2014new,
  title={New techniques of local damage detection in machinery based on stochastic modelling using adaptive Schur filter},
  author={Makowski, Ryszard and Zimroz, Radoslaw},
  journal={Applied Acoustics},
  volume={77},
  pages={130--137},
  year={2014},
  publisher={Elsevier}
}
@article{wylomanska2016impulsive,
  title={Impulsive noise cancellation method for copper ore crusher vibration signals enhancement},
  author={Wy{\l}oma{\'n}ska, Agnieszka and Zimroz, Rados{\l}aw and Janczura, Joanna and Obuchowski, Jakub},
  journal={IEEE Transactions on Industrial Electronics},
  volume={63},
  number={9},
  pages={5612--5621},
  year={2016},
  publisher={IEEE}
}
@article{hu2016development,
  title={Development of a gear vibration indicator and its application in gear wear monitoring},
  author={Hu, Chongqing and Smith, Wade A and Randall, Robert B and Peng, Zhongxiao},
  journal={Mechanical Systems and Signal Processing},
  volume={76},
  pages={319--336},
  year={2016},
  publisher={Elsevier}
}
@article{javorskyj2016periodically,
  title={Periodically correlated random processes: {Application} in early diagnostics of mechanical systems},
  author={Javorskyj, Igor and Kravets, Igor and Matsko, Ivan and Yuzefovych, Roman},
  journal={Mechanical Systems and Signal Processing},
  volume={83},
  pages={406--438},
  year={2017},
  publisher={Elsevier}
}
@article{wodecki2018optimal,
  title={Optimal filter design with progressive genetic algorithm for local damage detection in rolling bearings},
  author={Wodecki, Jacek and Michalak, Anna and Zimroz, Radoslaw},
  journal={Mechanical Systems and Signal Processing},
  volume={102},
  pages={102--116},
  year={2018},
  publisher={Elsevier}
}
